../../work_docs/bibtex_files/general_binfo.bib