../../work_docs/bibtex_files/structure_prediction.bib